<record><leader>00000cas a22000007a 4500</leader><controlfield tag="001">15614886</controlfield><controlfield tag="008">870430d1890189uinuwr ne      0    0eng d</controlfield><controlfield tag="009">5452</controlfield><datafield ind1=" " ind2=" " tag="010"><subfield code="a">sn 87055854 </subfield></datafield><datafield ind1=" " ind2=" " tag="040"><subfield code="a">NPI</subfield><subfield code="b">eng</subfield><subfield code="c">NPI</subfield></datafield><datafield ind1=" " ind2=" " tag="042"><subfield code="a">msc</subfield></datafield><datafield ind1="0" ind2="0" tag="245"><subfield code="a">Royal Center record.</subfield></datafield><datafield ind1=" " ind2=" " tag="260"><subfield code="a">[Royal Center, Ind.] :</subfield><subfield code="b">J.E. Sutton,</subfield><subfield code="c">1890-</subfield></datafield><datafield ind1=" " ind2=" " tag="300"><subfield code="a">v. :</subfield><subfield code="b">ill.</subfield></datafield><datafield ind1=" " ind2=" " tag="310"><subfield code="a">Weekly</subfield></datafield><datafield ind1="0" ind2=" " tag="362"><subfield code="a">Vol. 1, no. 1 (Aug. 23, 1890)-</subfield></datafield><datafield ind1=" " ind2=" " tag="752"><subfield code="a">United States</subfield><subfield code="b">Indiana</subfield><subfield code="c">Cass</subfield><subfield code="d">Royal Center.</subfield></datafield><datafield ind1="0" ind2="0" tag="785"><subfield code="t">Record (Royal Center, Ind.)</subfield><subfield code="w">(DLC)sn 98063107</subfield></datafield></record>